<collection xmlns="http://www.loc.gov/MARC21/slim">
<record>
  <leader>01147nam0a22002411i 450 </leader>
  <controlfield tag="001">IT\ICCU\CNCE\033249</controlfield>
  <controlfield tag="005">20041213000000.0</controlfield>
  <datafield tag="012" ind1=" " ind2=" ">
    <subfield code="a">ten- emr- e.,&amp; quIu (3) 1599 (A)</subfield>
    <subfield code="2">fei</subfield>
  </datafield>
  <datafield tag="100" ind1=" " ind2=" ">
    <subfield code="a">19971217d1599        0itac0103    ba</subfield>
  </datafield>
  <datafield tag="101" ind1=" " ind2=" ">
    <subfield code="a">LAT</subfield>
  </datafield>
  <datafield tag="102" ind1=" " ind2=" ">
    <subfield code="a">IT</subfield>
  </datafield>
  <datafield tag="200" ind1="1" ind2=" ">
    <subfield code="a">De natura originalis peccati ac poena in illo morientes ex Dei iustitia concomitante. Communis theologorum sententiae explanatio. Authore R.P.D. Fulgentio Estensi ex sacra monachorum Camaldulensium congregatione monaco</subfield>
  </datafield>
  <datafield tag="210" ind1=" " ind2=" ">
    <subfield code="a">Patauij</subfield>
    <subfield code="c">apud Ioannem Speronem</subfield>
    <subfield code="d">1599</subfield>
    <subfield code="e">\Padova</subfield>
    <subfield code="g">Lorenzo Pasquato!</subfield>
  </datafield>
  <datafield tag="215" ind1=" " ind2=" ">
    <subfield code="a">\8!, 54, \2! c.</subfield>
    <subfield code="d">8ʻ</subfield>
  </datafield>
  <datafield tag="620" ind1=" " ind2=" ">
    <subfield code="a">IT</subfield>
    <subfield code="d">Padova</subfield>
  </datafield>
  <datafield tag="700" ind1=" " ind2="1">
    <subfield code="a">Tomaselli,</subfield>
    <subfield code="b">Fulgenzio</subfield>
    <subfield code="3">IT\ICCU\CNCA\009628</subfield>
  </datafield>
  <datafield tag="712" ind1="0" ind2="0">
    <subfield code="a">Speroni, Giovanni</subfield>
    <subfield code="3">IT\ICCU\CNCT\002688</subfield>
    <subfield code="4">650</subfield>
  </datafield>
  <datafield tag="790" ind1=" " ind2="0">
    <subfield code="a">Fulgentius</subfield>
    <subfield code="c"> : Estensis</subfield>
    <subfield code="3">IT\ICCU\CNCA\014268</subfield>
    <subfield code="z">Tomaselli, Fulgenzio</subfield>
  </datafield>
  <datafield tag="790" ind1=" " ind2="1">
    <subfield code="a">Thomasellus,</subfield>
    <subfield code="b">Fulgentius</subfield>
    <subfield code="3">IT\ICCU\CNCA\025085</subfield>
    <subfield code="z">Tomaselli, Fulgenzio</subfield>
  </datafield>
  <datafield tag="791" ind1="0" ind2="0">
    <subfield code="a">Speronius, Ioannes</subfield>
    <subfield code="3">IT\ICCU\CNCT\005731</subfield>
    <subfield code="z">Speroni, Giovanni</subfield>
  </datafield>
  <datafield tag="791" ind1="0" ind2="0">
    <subfield code="a">Spero, Ioannes</subfield>
    <subfield code="3">IT\ICCU\CNCT\005732</subfield>
    <subfield code="z">Speroni, Giovanni</subfield>
  </datafield>
  <datafield tag="801" ind1=" " ind2="3">
    <subfield code="a">IT</subfield>
    <subfield code="b">ICCU</subfield>
    <subfield code="c">20201114</subfield>
  </datafield>
  <datafield tag="899" ind1=" " ind2=" ">
    <subfield code="a">Biblioteca nazionale centrale. Roma</subfield>
    <subfield code="1">RM0267</subfield>
    <subfield code="2">BVE CR</subfield>
  </datafield>
</record>
</collection>
